@article{Angluin87,
  author    = {Dana Angluin},
  title     = {Learning Regular Sets from Queries and Counterexamples},
  journal   = {Inf. Comput.},
  volume    = {75},
  number    = {2},
  pages     = {87--106},
  year      = {1987},
  url       = {http://dx.doi.org/10.1016/0890-5401(87)90052-6},
  doi       = {10.1016/0890-5401(87)90052-6},
  timestamp = {Wed, 06 Jul 2011 21:23:37 +0200},
  biburl    = {http://dblp.uni-trier.de/rec/bib/journals/iandc/Angluin87},
  bibsource = {dblp computer science bibliography, http://dblp.org}
}
@inproceedings {deRuiter15,
  author = {Joeri de Ruiter and Erik Poll},
  title = {Protocol State Fuzzing of TLS Implementations},
  booktitle = {24th USENIX Security Symposium (USENIX Security 15)},
  year = {2015},
  month = Aug,
  isbn = {978-1-931971-232},
  address = {Washington, D.C.},
  pages = {193--206},
  url = {https://www.usenix.org/conference/usenixsecurity15/technical-sessions/presentation/de-ruiter},
  publisher = {USENIX Association},
}
@article {Aarts13,
  title = {Improving active Mealy machine learning for protocol conformance testing},
  journal = {Machine Learning},
  volume = {96},
  number = {1-2},
  year = {2014},
  pages = {189-224},
  publisher = {Springer US},
  author = {Aarts, Fides and Kuppens, Harco and Tretmans, Jan and Frits W. Vaandrager and Sicco E. Verwer}
}
@article{Bauer14,
  author = {Bauer, Oliver and Geske, Maren and Isberner, Malte},
  title = {Analyzing Program Behavior Through Active Automata Learning},
  journal = {Int. J. Softw. Tools Technol. Transf.},
  issue_date = {October   2014},
  volume = {16},
  number = {5},
  month = oct,
  year = {2014},
  issn = {1433-2779},
  pages = {531--542},
  numpages = {12},
  url = {http://dx.doi.org/10.1007/s10009-014-0333-2},
  doi = {10.1007/s10009-014-0333-2},
  acmid = {2667953},
  publisher = {Springer-Verlag},
  address = {Berlin, Heidelberg},
  keywords = {Active automata learning, Model construction, Program analysis, Verification},
}
@inproceedings{Cho10,
  author = {Cho, Chia Yuan and Babi \'{c}, Domagoj and Shin, Eui Chul Richard and Song, Dawn},
  title = {Inference and Analysis of Formal Models of Botnet Command and Control Protocols},
  booktitle = {Proceedings of the 17th ACM Conference on Computer and Communications Security},
  series = {CCS '10},
  year = {2010},
  isbn = {978-1-4503-0245-6},
  location = {Chicago, Illinois, USA},
  pages = {426--439},
  numpages = {14},
  url = {http://doi.acm.org/10.1145/1866307.1866355},
  doi = {10.1145/1866307.1866355},
  acmid = {1866355},
  publisher = {ACM},
  address = {New York, NY, USA},
  keywords = {protocol model inference and analysis, response prediction},
} 
